<record><leader>00000cas a22000007a 4500</leader><controlfield tag="001">19773470</controlfield><controlfield tag="008">890527d19231965njuir ne      0    0eng d</controlfield><datafield ind1=" " ind2=" " tag="010"><subfield code="a">sn 88071133 </subfield></datafield><datafield ind1=" " ind2=" " tag="040"><subfield code="a">NJW</subfield><subfield code="b">eng</subfield><subfield code="c">NJW</subfield><subfield code="d">OCLCQ</subfield></datafield><datafield ind1=" " ind2=" " tag="042"><subfield code="a">msc</subfield></datafield><datafield ind1="0" ind2=" " tag="130"><subfield code="a">Dover advance (Dover, N.J. : 1923)</subfield></datafield><datafield ind1="1" ind2="0" tag="245"><subfield code="a">Dover advance.</subfield></datafield><datafield ind1=" " ind2=" " tag="260"><subfield code="a">Dover, N.J. :</subfield><subfield code="b">Harry R. Gill,</subfield><subfield code="c">1923-</subfield></datafield><datafield ind1=" " ind2=" " tag="310"><subfield code="a">Triweekly,</subfield><subfield code="b">1962-1965</subfield></datafield><datafield ind1=" " ind2=" " tag="321"><subfield code="a">Semiweekly,</subfield><subfield code="b">1923-1962</subfield></datafield><datafield ind1="0" ind2=" " tag="362"><subfield code="a">Vol. 20, no. 88 (Jan. 8, 1923)-</subfield></datafield><datafield ind1="1" ind2=" " tag="362"><subfield code="a">Ceased in 1965.</subfield></datafield><datafield ind1=" " ind2=" " tag="752"><subfield code="a">United States</subfield><subfield code="b">New Jersey</subfield><subfield code="c">Morris</subfield><subfield code="d">Dover.</subfield></datafield><datafield ind1="0" ind2="0" tag="780"><subfield code="t">Dover advance and the iron era</subfield><subfield code="w">(DLC)sn 88071132</subfield></datafield><datafield ind1="0" ind2="0" tag="785"><subfield code="t">Daily advance (Dover, N.J. : 1965)</subfield><subfield code="w">(DLC)sn 88071134</subfield></datafield></record>